@INCOLLECTION{mt99,
        AUTHOR = "V.W. Marek and M. Truszczy\'{n}ski",
        TITLE = {Stable Models and an Alternative Logic Programming
                Paradigm},
        BOOKTITLE = "The Logic Programming Paradigm: a 25-Year
                Perspective",
        EDITOR = "K.R. Apt and W. Marek and M. Truszczy\'{n}ski and D.S.
                Warren",
        PAGES = "375--398",
        PUBLISHER = "Springer  ",
        ADDRESS = "Berlin",
        YEAR = 1999,
        }

@ARTICLE{BrewkaET11,
  author = {G. Brewka and T. Eiter and M. Truszczynski},
  title = {Answer set programming at a glance},
  journal = {Commun. ACM},
  year = {2011},
  volume = {54},
  pages = {92-103},
  number = {12}
}

@article{LeonePFEGPS06,
  author    = {Nicola Leone and
               Gerald Pfeifer and
               Wolfgang Faber and
               Thomas Eiter and
               Georg Gottlob and
               Simona Perri and
               Francesco Scarcello},
  title     = {The {DLV} system for knowledge representation and reasoning},
  journal   = {{ACM} Trans. Comput. Log.},
  volume    = {7},
  number    = {3},
  pages     = {499--562},
  year      = {2006}
}

@inproceedings{AlvianoDFLR13,
  author    = {Mario Alviano and
               Carmine Dodaro and
               Wolfgang Faber and
               Nicola Leone and
               Francesco Ricca},
  title     = {{WASP:} {A} Native {ASP} Solver Based on Constraint Learning},
  booktitle = {Proceedings of the 12th International Conference on Logic 
               Programming and Nonmonotonic Reasoning, {LPNMR}-2013},
  pages     = {54--66},
  year      = {2013},
  editor    = {Pedro Cabalar and
               Tran Cao Son},
  series    = {Lecture Notes in Computer Science},
  volume    = {8148},
  publisher = {Springer},
}

@BOOK{potsdamBook,
  title = {Answer Set Solving in Practice},
  publisher = {Morgan\&Claypool Publishers},
  year = {2012},
  author = {M. Gebser and R. Kaminski and B. Kaufmann and T. Schaub},
  series = {Synthesis Lectures on Artificial Intelligence and Machine Learning}
}

@article{ErdemGL16,
  author    = {Esra Erdem and
               Michael Gelfond and
               Nicola Leone},
  title     = {Applications of Answer Set Programming},
  journal   = {{AI} Magazine},
  volume    = {37},
  number    = {3},
  pages     = {53--68},
  year      = {2016},
}

@inproceedings{GebserMR17,
  author    = {Martin Gebser and
               Marco Maratea and
               Francesco Ricca},
  title     = {The Design of the Seventh Answer Set Programming Competition},
  booktitle = {Proceedings of the 14th International Conference on Logic
               Programming and Nonmonotonic Reasoning, {LPNMR}-2017},
  pages     = {3--9},
  year      = {2017},
  editor    = {Marcello Balduccini and
               Tomi Janhunen},
  series    = {Lecture Notes in Computer Science},
  volume    = {10377},
  publisher = {Springer},
}

@article{MarateaPR14,
  author    = {Marco Maratea and
               Luca Pulina and
               Francesco Ricca},
  title     = {A Multi-engine Approach to Answer-set Programming},
  journal   = {{Theory and Practice of Logic Programming}},
  volume    = {14},
  number    = {6},
  pages     = {841--868},
  year      = {2014},
}

@article{Rice76,
  author    = {John R. Rice},
  title     = {The Algorithm Selection Problem},
  journal   = {Advances in Computers},
  volume    = {15},
  pages     = {65--118},
  year      = {1976},
}

@article{1staspcomp,
  author    = {Martin Gebser and
               Lengning Liu and
               Gayathri Namasivayam and  
               Andre Neumann and
               Torsten Schaub and
                Miroslaw Truszczynski},
  title     = {The First Answer Set Programming System Competition},
  journal   = {LPNMR 2007},
  pages     = {3–17},
  year      = {2007},
}

@article{2ndaspcomp,
  author    = {Marc Denecker and
               Joost Vennekens and
               Stephen Bond and  
               Martin Gebser and
                Miroslaw Truszczynski},
  title     = {The Second Answer Set Programming Competition},
  journal   = {LPNMR 2009},
  pages     = {637–654},
  year      = {2009},
}
@article{XuHHL08,
  author    = {Lin Xu and
               Frank Hutter and
               Holger H. Hoos and
               Kevin Leyton{-}Brown},
  title     = {SATzilla: Portfolio-based Algorithm Selection for {SAT}},
  journal   = {J. Artif. Intell. Res.},
  volume    = {32},
  pages     = {565--606},
  year      = {2008},
}

@article{KerschkeHNT19,
  author    = {Pascal Kerschke and
               Holger H. Hoos and
               Frank Neumann and
               Heike Trautmann},
  title     = {Automated Algorithm Selection: Survey and Perspectives},
  journal   = {Evolutionary Computation},
  volume    = {27},
  number    = {1},
  pages     = {3--45},
  year      = {2019},
}

@article{HoosLS14,
  author    = {Holger H. Hoos and
               Marius Thomas Lindauer and
               Torsten Schaub},
  title     = {claspfolio 2: Advances in Algorithm Selection for Answer Set Programming},
  journal   = {{Theory and Practice of Logic Programming}},
  volume    = {14},
  number    = {4-5},
  pages     = {569--585},
  year      = {2014},
}

@article{GomesS01,
  author    = {Carla P. Gomes and
               Bart Selman},
  title     = {Algorithm portfolios},
  journal   = {Artif. Intell.},
  volume    = {126},
  number    = {1-2},
  pages     = {43--62},
  year      = {2001},
}

@inproceedings{HippenL19,
  author    = {Nicholas Hippen and
               Yuliya Lierler},
  title     = {Automatic Program Rewriting in Non-Ground Answer Set Programs},
  booktitle = {Proceedings of the 21th International Symposium on Practical 
               Aspects of Declarative Languages},
  pages     = {19--36},
  year      = {2019},
  editor    = {Jos{\'{e}} J{\'{u}}lio Alferes and
               Moa Johansson},
  series    = {Lecture Notes in Computer Science},
  volume    = {11372},
  publisher = {Springer},
}

@inproceedings{BuddenhagenL15,
  author    = {Matthew Buddenhagen and
               Yuliya Lierler},
  title     = {Performance Tuning in Answer Set Programming},
  pages     = {186--198},
  year      = {2015},
  booktitle = {Proceedings of the 13th International Conference on Logic
               Programming and Nonmonotonic Reasoning, {LPNMR}-2015},
  editor    = {Francesco Calimeri and
               Giovambattista Ianni and
               Miroslaw Truszczynski},
  series    = {Lecture Notes in Computer Science},
  volume    = {9345},
  publisher = {Springer},
}

@inproceedings{BichlerMW16,
  author    = {Manuel Bichler and
               Michael Morak and
               Stefan Woltran},
  title     = {lpopt: {A} Rule Optimization Tool for Answer Set Programming},
  booktitle = {Proceedings of the 26th International Symposium on 
               Logic-Based Program Synthesis and Transformation, 
               {LOPSTR}-2016},
  pages     = {114--130},
  year      = {2016},
  editor    = {Manuel V. Hermenegildo and
               Pedro L{\'{o}}pez{-}Garc{\'{\i}}a},
  series    = {Lecture Notes in Computer Science},
  volume    = {10184},
  publisher = {Springer},
}

@article{SelmanML96,
  author    = {Bart Selman and
               David G. Mitchell and
               Hector J. Levesque},
  title     = {Generating Hard Satisfiability Problems},
  journal   = {Artif. Intell.},
  volume    = {81},
  number    = {1-2},
  pages     = {17--29},
  year      = {1996},
}

@article{HutterHLS09,
  author    = {Frank Hutter and
               Holger H. Hoos and
               Kevin Leyton{-}Brown and
               Thomas St{\"{u}}tzle},
  title     = {ParamILS: An Automatic Algorithm Configuration Framework},
  journal   = {J. Artif. Intell. Res.},
  volume    = {36},
  pages     = {267--306},
  year      = {2009},
}
